<?xml version="1.0" encoding="UTF-8"?><collection xmlns="http://www.loc.gov/MARC21/slim"><record><leader>00364nam--2200133-i-4500</leader><controlfield tag="001">000044605</controlfield><controlfield tag="002">20161230</controlfield><controlfield tag="005">20161230201044</controlfield><controlfield tag="008">060222s1000------------r-----000-0-eng-d</controlfield><datafield ind1=" " ind2=" " tag="080"><subfield code="a">621.039.514:621.039.564.2</subfield></datafield><datafield ind1=" " ind2=" " tag="100"><subfield code="a">Thie, Joseph A</subfield></datafield><datafield ind1=" " ind2=" " tag="245"><subfield code="a">Reactor noise. an aec monograph</subfield></datafield><datafield ind1=" " ind2=" " tag="260"><subfield code="a">New York, Rowman And Littlefield, Inc., 1963, Xiii+262p</subfield></datafield><datafield ind1=" " ind2=" " tag="852"><subfield code="a">19789</subfield></datafield></record></collection>